@article{Harrison1978,
   author = {David Harrison and Daniel L. Rubinfeld},
   doi = {10.1016/0095-0696(78)90006-2},
   issn = {0095-0696},
   issue = {1},
   journal = {Journal of Environmental Economics and Management},
   month = {3},
   pages = {81-102},
   publisher = {Academic Press},
   title = {Hedonic housing prices and the demand for clean air},
   volume = {5},
   year = {1978},
}
@inproceedings{al2018comparative,
  title={A comparative study of different curve fitting algorithms in artificial neural network using housing dataset},
  author={Al Bataineh, Ali and Kaur, Devinder},
  booktitle={NAECON 2018-IEEE National Aerospace and Electronics Conference},
  pages={174--178},
  year={2018},
  organization={IEEE}
}
@inproceedings{shahhosseini2019optimizing,
  title={Optimizing ensemble weights for machine learning models: A case study for housing price prediction},
  author={Shahhosseini, Mohsen and Hu, Guiping and Pham, Hieu},
  booktitle={INFORMS international conference on service science},
  pages={87--97},
  year={2019},
  organization={Springer}
}
@article{lin2008particle,
  title={Particle swarm optimization for parameter determination and feature selection of support vector machines},
  author={Lin, Shih-Wei and Ying, Kuo-Ching and Chen, Shih-Chieh and Lee, Zne-Jung},
  journal={Expert systems with applications},
  volume={35},
  number={4},
  pages={1817--1824},
  year={2008},
  publisher={Elsevier}
}
@article{ryffel2018generic,
  title={A generic framework for privacy preserving deep learning},
  author={Ryffel, Theo and Trask, Andrew and Dahl, Morten and Wagner, Bobby and Mancuso, Jason and Rueckert, Daniel and Passerat-Palmbach, Jonathan},
  journal={arXiv preprint arXiv:1811.04017},
  year={2018}
}
@article{timofeev2004classification,
  title={Classification and regression trees (CART) theory and applications},
  author={Timofeev, Roman},
  journal={Humboldt University, Berlin},
  volume={54},
  year={2004}
}
@misc{Delve1996,
   author = {Delve Toronto},
   month = {10},
   title = {The Boston Housing Dataset},
   url = {http://www.cs.toronto.edu/~delve/data/boston/bostonDetail.html},
   year = {1996},
}